<?xml version="1.0" encoding="UTF-8"?><collection xmlns="http://www.loc.gov/MARC21/slim"><record><leader>00400nam--2200157-i-4500</leader><controlfield tag="001">000030640</controlfield><controlfield tag="002">20161230</controlfield><controlfield tag="005">20170116005119</controlfield><controlfield tag="008">060222s1000------------r-----000-0-eng-d</controlfield><datafield ind1=" " ind2=" " tag="100"><subfield code="a">Liteanu, Candin</subfield></datafield><datafield ind1=" " ind2=" " tag="245"><subfield code="a">Chimie analitica cantitativa. Volumetria</subfield></datafield><datafield ind1=" " ind2=" " tag="250"><subfield code="a">Editia 3-a</subfield></datafield><datafield ind1=" " ind2=" " tag="260"><subfield code="a">Bucuresti</subfield><subfield code="b">Edit.Didact.Si Pedag</subfield><subfield code="c">1962</subfield></datafield><datafield ind1=" " ind2=" " tag="300"><subfield code="a">550 p</subfield></datafield><datafield ind1=" " ind2=" " tag="852"><subfield code="a">8269</subfield></datafield><datafield ind1=" " ind2=" " tag="CAT"><subfield code="a">SYS</subfield><subfield code="c">20170116</subfield><subfield code="h">005119</subfield></datafield></record></collection>